<record><leader>00000cas a2200000 a 4500</leader><controlfield tag="001">9381887</controlfield><controlfield tag="008">830406d18531859meudn ne      0    0eng  </controlfield><datafield ind1=" " ind2=" " tag="010"><subfield code="a">sn 83016077 </subfield></datafield><datafield ind1=" " ind2=" " tag="040"><subfield code="a">DLC</subfield><subfield code="b">eng</subfield><subfield code="c">DLC</subfield><subfield code="d">NPX</subfield><subfield code="d">DLC</subfield><subfield code="d">MGN</subfield><subfield code="d">MBN</subfield><subfield code="d">OCL</subfield><subfield code="d">DLC</subfield><subfield code="d">OCLCQ</subfield><subfield code="d">OCLCO</subfield><subfield code="d">OCLCF</subfield></datafield><datafield ind1="1" ind2=" " tag="029"><subfield code="a">AU@</subfield><subfield code="b">000020225752</subfield></datafield><datafield ind1=" " ind2=" " tag="042"><subfield code="a">pcc</subfield></datafield><datafield ind1=" " ind2=" " tag="043"><subfield code="a">n-us-me</subfield></datafield><datafield ind1="0" ind2="0" tag="050"><subfield code="a">Newspaper</subfield></datafield><datafield ind1="0" ind2=" " tag="130"><subfield code="a">State of Maine (Portland, Me. : Daily)</subfield></datafield><datafield ind1="1" ind2="4" tag="245"><subfield code="a">The state of Maine.</subfield></datafield><datafield ind1="1" ind2="7" tag="246"><subfield code="a">Daily state of Maine</subfield><subfield code="f">Aug. 1, 1855-1856</subfield></datafield><datafield ind1=" " ind2=" " tag="260"><subfield code="a">Portland, Me. :</subfield><subfield code="b">May &amp; Marble, and J. Edwards,</subfield><subfield code="c">1853-</subfield></datafield><datafield ind1=" " ind2=" " tag="300"><subfield code="a">v. :</subfield><subfield code="b">ill. (chiefly advertisements) ;</subfield><subfield code="c">66 cm.</subfield></datafield><datafield ind1=" " ind2=" " tag="310"><subfield code="a">Daily (except Sunday)</subfield></datafield><datafield ind1="0" ind2=" " tag="362"><subfield code="a">Vol. 1, no. 1 (July 25, 1853)-</subfield></datafield><datafield ind1="1" ind2=" " tag="362"><subfield code="a">Ceased in May 1859.</subfield></datafield><datafield ind1=" " ind2=" " tag="500"><subfield code="a">Publishers: Isaac W. May and J. Edwards, 1853; Charles D. Bearce &amp; Co., 1853-1855; Bearce, Starbird, Rich &amp; Co., 1855-1856; Bearce, Starbird &amp; Co., 1856; S.S. Starbird &amp; Co., 1856-1858; State of Maine Publishing Co., 1858; M.N. &amp; F.G. Rich, 1858.</subfield></datafield><datafield ind1=" " ind2=" " tag="500"><subfield code="a">Printer: Edward A. Hasty, 1855.</subfield></datafield><datafield ind1=" " ind2=" " tag="500"><subfield code="a">Discrepancies in issue numbering, 1856-1857.</subfield></datafield><datafield ind1=" " ind2=" " tag="500"><subfield code="a">Whig.</subfield></datafield><datafield ind1=" " ind2=" " tag="530"><subfield code="a">Also issued on microfilm from the Library of Congress, Photoduplication Service.</subfield></datafield><datafield ind1=" " ind2=" " tag="580"><subfield code="a">Triweekly ed.: State of Maine (Portland, Me. : Triweekly).</subfield></datafield><datafield ind1=" " ind2=" " tag="580"><subfield code="a">Weekly ed.: State of Maine (Portland, Me. : Weekly).</subfield></datafield><datafield ind1=" " ind2="0" tag="651"><subfield code="a">Portland (Me.)</subfield><subfield code="v">Newspapers.</subfield></datafield><datafield ind1=" " ind2="7" tag="655"><subfield code="a">Newspapers.</subfield><subfield code="2">fast</subfield><subfield code="0">(OCoLC)fst01423814</subfield></datafield><datafield ind1=" " ind2="7" tag="651"><subfield code="a">Maine</subfield><subfield code="z">Portland.</subfield><subfield code="2">fast</subfield><subfield code="0">(OCoLC)fst01213254</subfield></datafield><datafield ind1=" " ind2=" " tag="752"><subfield code="a">United States</subfield><subfield code="b">Maine</subfield><subfield code="c">Cumberland</subfield><subfield code="d">Portland.</subfield></datafield><datafield ind1="1" ind2=" " tag="775"><subfield code="t">State of Maine (Portland, Me. : Triweekly)</subfield><subfield code="w">(DLC)sn 83016075</subfield></datafield><datafield ind1="1" ind2=" " tag="775"><subfield code="t">State of Maine (Portland, Me. : Weekly)</subfield><subfield code="w">(DLC)sn 83016076</subfield></datafield></record>